@article{Izhikevich2005,
author = {Izhikevich, Eugene M},
file = {:home/PhD14/pinedagg/.local/share/data/Mendeley Ltd./Mendeley Desktop/Downloaded/Izhikevich - 2005 - Polychronization Computation With Spikes.pdf:pdf},
number = {May 1999},
pages = {1--29},
title = {{Polychronization : Computation With Spikes}},
year = {2005}
}
