@article{unsup_leraning_diehl,
  author = {Diehl, P.U. and Cook, M.},
  title = {Unsupervised Learning of Digit Recognition Using Spike-Timing-Dependent Plasticity},
  journaltitle = {Transactions of Neural Networks and Learning Systems},
  date = {2014},
  year = {2014},
  version = {Submitted},
}

@article{best-practice-nn-img,
  author = { I.   Kanellopoulos  and  G. G.   Wilkinson },
  title = {Strategies and best practice for neural network image classification},
  journal = {International Journal of Remote Sensing},
  volume = {18},
  number = {4},
  pages = {711-725},
  year = {1997},
  doi = {10.1080/014311697218719},
}

@article{dietterich1998approximate,
  title={Approximate statistical tests for comparing supervised classification learning algorithms},
  author={Dietterich, Thomas G},
  journal={Neural computation},
  volume={10},
  number={7},
  pages={1895--1923},
  year={1998},
  publisher={MIT Press}
}

@article{liu2002performance,
  title={Performance evaluation of pattern classifiers for handwritten character recognition},
  author={Liu, Cheng-Lin and Sako, Hiroshi and Fujisawa, Hiromichi},
  journal={International Journal on Document Analysis and Recognition},
  volume={4},
  number={3},
  pages={191--204},
  year={2002},
  publisher={Springer}
}
