@inproceedings{basab-model,
    author = {Sen, Basabdatta and Furber, Steve},
    title = {Evaluating Rank-order Code Performance Using a Biologically-derived Retinal Model},
    booktitle = {Proceedings of the 2009 International Joint Conference on Neural Networks},
    series = {IJCNN'09},
    year = {2009},
    isbn = {978-1-4244-3549-4},
    location = {Atlanta, Georgia, USA},
    pages = {1835--1842},
    numpages = {8},
    url = {http://dl.acm.org/citation.cfm?id=1704175.1704440},
    acmid = {1704440},
    publisher = {IEEE Press},
    address = {Piscataway, NJ, USA},
} 

@article{van-rullen-rate-coding,
    title={Rate Coding Versus Temporal Order Coding: What the Retinal Ganglion Cells Tell the Visual Cortex},
    author={Van Rullen, Rufin and Thorpe, Simon J},
    journal={Neural computation},
    volume={13},
    number={6},
    pages={1255--1283},
    year={2001},
    publisher={MIT Press}
}